@string(KRT = "Kristinn R. Th{\'o}risson")
@string(and = " and ")

@article{CDM,
    author =        KRT # and # "Hrvoje Benko" 
                        # and # "Denis Abramov" 
                        # and # "Andrew Arnold" 
                        # and # "Sameer Maskey" 
                        # and # "Aruchunan Vaseekaran",
    title =         "Constructionist Design Methodology for Interactive Intelligences",
    journal =       "AI Magazine",
    year =          "2004",
    volume =        "25",
    number =        "4",
    pages =         "77--90",
}

