@string(KRT = "Kristinn R. Th{\'o}risson")
@string(and = " and ")

@article{CDM,
    author =        KRT # and # "Hrvoje Benko" 
                        # and # "Denis Abramov" 
                        # and # "Andrew Arnold" 
                        # and # "Sameer Maskey" 
                        # and # "Aruchunan Vaseekaran",
    title =         "Constructionist Design Methodology for Interactive Intelligences",
    journal =       "AI Magazine",
    year =          "2004",
    volume =        "25",
    number =        "4",
    pages =         "77--90",
}

@misc{RFC2822,
    title =         "{RFC} 2822 - {I}nternet {M}essage {F}ormat",
    author =        "P. Resnick",
    month =         "April",
    year =          "2001",
    note =          "\url{ftp://ftp.rfc-editor.org/in-notes/rfc2822.txt}",
}

@misc{PsycloneManual,
    title =         "Psyclone Manual",
    author =        "{C}ommunicative {M}achines",
    note =          "\url{http://www.cmlabs.com/psyclone/manual/}",
}
